<?xml version="1.0" encoding="UTF-8"?><collection xmlns="http://www.loc.gov/MARC21/slim"><record><leader>00564nam--2200205-i-4500</leader><controlfield tag="001">000016500</controlfield><controlfield tag="002">20161230</controlfield><controlfield tag="005">20161230201031</controlfield><controlfield tag="008">060222s1000------------r-----000-0-eng-d</controlfield><datafield ind1=" " ind2=" " tag="020"><subfield code="a">3540551522</subfield></datafield><datafield ind1=" " ind2=" " tag="040"><subfield code="a">IFIN-HH</subfield></datafield><datafield ind1=" " ind2=" " tag="080"><subfield code="a">538.945</subfield></datafield><datafield ind1="1" ind2=" " tag="100"><subfield code="a">Davydov, A.S</subfield></datafield><datafield ind1="1" ind2="0" tag="245"><subfield code="a">High-tc superconductivity</subfield><subfield code="b">Experiment and theory</subfield><subfield code="c">A.s. davydov, v.m. loktev (eds.)</subfield></datafield><datafield ind1=" " ind2=" " tag="260"><subfield code="a">Berlin</subfield><subfield code="b">Springer-verlag</subfield><subfield code="c">1992</subfield></datafield><datafield ind1=" " ind2=" " tag="300"><subfield code="a">VI+207P</subfield></datafield><datafield ind1=" " ind2=" " tag="490"><subfield code="a">Research Reports I Physics</subfield></datafield><datafield ind1="1" ind2=" " tag="700"><subfield code="a">Loktev, V.M</subfield><subfield code="e">Ed</subfield></datafield><datafield ind1=" " ind2=" " tag="852"><subfield code="a">80384</subfield><subfield code="c">539.2</subfield></datafield><datafield ind1=" " ind2=" " tag="CAT"><subfield code="a">Sys</subfield><subfield code="c">20121204</subfield><subfield code="h">152524</subfield></datafield></record></collection>